<?xml version="1.0" encoding="UTF-8"?><collection xmlns="http://www.loc.gov/MARC21/slim"><record><leader>00351nam--2200133-i-4500</leader><controlfield tag="001">000047755</controlfield><controlfield tag="002">20161230</controlfield><controlfield tag="005">20161230201046</controlfield><controlfield tag="008">060222s1000------------r-----000-0-eng-d</controlfield><datafield ind1=" " ind2=" " tag="080"><subfield code="a">541.1:539.913:539.194</subfield></datafield><datafield ind1=" " ind2=" " tag="100"><subfield code="a">Yardley, James T</subfield></datafield><datafield ind1=" " ind2=" " tag="245"><subfield code="a">Introduction to molecular energy transfer</subfield></datafield><datafield ind1=" " ind2=" " tag="260"><subfield code="a">New York, Acad.Press, 1980, X+308p</subfield></datafield><datafield ind1=" " ind2=" " tag="852"><subfield code="a">49014</subfield></datafield></record></collection>